% Use this file for citations not found in the ACL Anthology (contained in "anthology.bib").

@book{Zip35,
    added-at = {2006-03-09T15:13:30.000+0100},
    address = {Boston},
    author = {Zipf, G. K.},
    biburl = {https://www.bibsonomy.org/bibtex/2b9cd747cfd46cc57633e9e4eea565942/diana},
    description = {The big one},
    interhash = {8b67f892d5218ba8e9089a71533c83a7},
    intrahash = {b9cd747cfd46cc57633e9e4eea565942},
    keywords = {imported},
    publisher = {Houghton Mifflin},
    timestamp = {2006-03-09T15:13:30.000+0100},
    title = {The Psycho-Biology of Language},
    year = 1935
}

@misc{yu2018zipfslaw50languages,
      title={Zipf's law in 50 languages: its structural pattern, linguistic interpretation, and cognitive motivation}, 
      author={Shuiyuan Yu and Chunshan Xu and Haitao Liu},
      year={2018},
      eprint={1807.01855},
      archivePrefix={arXiv},
      primaryClass={cs.CL},
      url={https://arxiv.org/abs/1807.01855}, 
}

@article{cancho2000,
    author = {Ferrer-i-Cancho, Ramon and Solé, Ricard},
    year = {2000},
    month = {01},
    pages = {},
    title = {Two Regimes in the Frequency of Words and the Origins of Complex Lexicons: Zipf's Law Revisited},
    journal = {Santa Fe Institute, Working Papers}
}

@misc{lin2015scalinglawshumanspeech,
    title={Scaling laws in human speech, decreasing emergence of new words and a generalized model}, 
    author={Ruokuang Lin and Qianli D. Y. Ma and Chunhua Bian},
    year={2015},
    eprint={1412.4846},
    archivePrefix={arXiv},
    primaryClass={cs.CL},
url={https://arxiv.org/abs/1412.4846}, 
}

@article{bpegage,
    author = {Gage, Philip},
    title = {A new algorithm for data compression},
    year = {1994},
    issue_date = {Feb. 1994},
    publisher = {R \& D Publications, Inc.},
    address = {USA},
    volume = {12},
    number = {2},
    issn = {0898-9788},
    journal = {C Users J.},
    month = feb,
    pages = {23–38},
    numpages = {16}
}

@misc{liu2019robertarobustlyoptimizedbert,
      title={RoBERTa: A Robustly Optimized BERT Pretraining Approach}, 
      author={Yinhan Liu and Myle Ott and Naman Goyal and Jingfei Du and Mandar Joshi and Danqi Chen and Omer Levy and Mike Lewis and Luke Zettlemoyer and Veselin Stoyanov},
      year={2019},
      eprint={1907.11692},
      archivePrefix={arXiv},
      primaryClass={cs.CL},
      url={https://arxiv.org/abs/1907.11692}, 
}

@misc{openai2024gpt4technicalreport,
      title={GPT-4 Technical Report}, 
      author={OpenAI and Josh Achiam and Steven Adler and Sandhini Agarwal and Lama Ahmad and Ilge Akkaya and Florencia Leoni Aleman and Diogo Almeida and Janko Altenschmidt and Sam Altman and Shyamal Anadkat and Red Avila and Igor Babuschkin and Suchir Balaji and Valerie Balcom and Paul Baltescu and Haiming Bao and Mohammad Bavarian and Jeff Belgum and Irwan Bello and Jake Berdine and Gabriel Bernadett-Shapiro and Christopher Berner and Lenny Bogdonoff and Oleg Boiko and Madelaine Boyd and Anna-Luisa Brakman and Greg Brockman and Tim Brooks and Miles Brundage and Kevin Button and Trevor Cai and Rosie Campbell and Andrew Cann and Brittany Carey and Chelsea Carlson and Rory Carmichael and Brooke Chan and Che Chang and Fotis Chantzis and Derek Chen and Sully Chen and Ruby Chen and Jason Chen and Mark Chen and Ben Chess and Chester Cho and Casey Chu and Hyung Won Chung and Dave Cummings and Jeremiah Currier and Yunxing Dai and Cory Decareaux and Thomas Degry and Noah Deutsch and Damien Deville and Arka Dhar and David Dohan and Steve Dowling and Sheila Dunning and Adrien Ecoffet and Atty Eleti and Tyna Eloundou and David Farhi and Liam Fedus and Niko Felix and Simón Posada Fishman and Juston Forte and Isabella Fulford and Leo Gao and Elie Georges and Christian Gibson and Vik Goel and Tarun Gogineni and Gabriel Goh and Rapha Gontijo-Lopes and Jonathan Gordon and Morgan Grafstein and Scott Gray and Ryan Greene and Joshua Gross and Shixiang Shane Gu and Yufei Guo and Chris Hallacy and Jesse Han and Jeff Harris and Yuchen He and Mike Heaton and Johannes Heidecke and Chris Hesse and Alan Hickey and Wade Hickey and Peter Hoeschele and Brandon Houghton and Kenny Hsu and Shengli Hu and Xin Hu and Joost Huizinga and Shantanu Jain and Shawn Jain and Joanne Jang and Angela Jiang and Roger Jiang and Haozhun Jin and Denny Jin and Shino Jomoto and Billie Jonn and Heewoo Jun and Tomer Kaftan and Łukasz Kaiser and Ali Kamali and Ingmar Kanitscheider and Nitish Shirish Keskar and Tabarak Khan and Logan Kilpatrick and Jong Wook Kim and Christina Kim and Yongjik Kim and Jan Hendrik Kirchner and Jamie Kiros and Matt Knight and Daniel Kokotajlo and Łukasz Kondraciuk and Andrew Kondrich and Aris Konstantinidis and Kyle Kosic and Gretchen Krueger and Vishal Kuo and Michael Lampe and Ikai Lan and Teddy Lee and Jan Leike and Jade Leung and Daniel Levy and Chak Ming Li and Rachel Lim and Molly Lin and Stephanie Lin and Mateusz Litwin and Theresa Lopez and Ryan Lowe and Patricia Lue and Anna Makanju and Kim Malfacini and Sam Manning and Todor Markov and Yaniv Markovski and Bianca Martin and Katie Mayer and Andrew Mayne and Bob McGrew and Scott Mayer McKinney and Christine McLeavey and Paul McMillan and Jake McNeil and David Medina and Aalok Mehta and Jacob Menick and Luke Metz and Andrey Mishchenko and Pamela Mishkin and Vinnie Monaco and Evan Morikawa and Daniel Mossing and Tong Mu and Mira Murati and Oleg Murk and David Mély and Ashvin Nair and Reiichiro Nakano and Rajeev Nayak and Arvind Neelakantan and Richard Ngo and Hyeonwoo Noh and Long Ouyang and Cullen O'Keefe and Jakub Pachocki and Alex Paino and Joe Palermo and Ashley Pantuliano and Giambattista Parascandolo and Joel Parish and Emy Parparita and Alex Passos and Mikhail Pavlov and Andrew Peng and Adam Perelman and Filipe de Avila Belbute Peres and Michael Petrov and Henrique Ponde de Oliveira Pinto and Michael and Pokorny and Michelle Pokrass and Vitchyr H. Pong and Tolly Powell and Alethea Power and Boris Power and Elizabeth Proehl and Raul Puri and Alec Radford and Jack Rae and Aditya Ramesh and Cameron Raymond and Francis Real and Kendra Rimbach and Carl Ross and Bob Rotsted and Henri Roussez and Nick Ryder and Mario Saltarelli and Ted Sanders and Shibani Santurkar and Girish Sastry and Heather Schmidt and David Schnurr and John Schulman and Daniel Selsam and Kyla Sheppard and Toki Sherbakov and Jessica Shieh and Sarah Shoker and Pranav Shyam and Szymon Sidor and Eric Sigler and Maddie Simens and Jordan Sitkin and Katarina Slama and Ian Sohl and Benjamin Sokolowsky and Yang Song and Natalie Staudacher and Felipe Petroski Such and Natalie Summers and Ilya Sutskever and Jie Tang and Nikolas Tezak and Madeleine B. Thompson and Phil Tillet and Amin Tootoonchian and Elizabeth Tseng and Preston Tuggle and Nick Turley and Jerry Tworek and Juan Felipe Cerón Uribe and Andrea Vallone and Arun Vijayvergiya and Chelsea Voss and Carroll Wainwright and Justin Jay Wang and Alvin Wang and Ben Wang and Jonathan Ward and Jason Wei and CJ Weinmann and Akila Welihinda and Peter Welinder and Jiayi Weng and Lilian Weng and Matt Wiethoff and Dave Willner and Clemens Winter and Samuel Wolrich and Hannah Wong and Lauren Workman and Sherwin Wu and Jeff Wu and Michael Wu and Kai Xiao and Tao Xu and Sarah Yoo and Kevin Yu and Qiming Yuan and Wojciech Zaremba and Rowan Zellers and Chong Zhang and Marvin Zhang and Shengjia Zhao and Tianhao Zheng and Juntang Zhuang and William Zhuk and Barret Zoph},
      year={2024},
      eprint={2303.08774},
      archivePrefix={arXiv},
      primaryClass={cs.CL},
      url={https://arxiv.org/abs/2303.08774}, 
}

@misc{zhu2015aligningbooksmoviesstorylike,
      title={Aligning Books and Movies: Towards Story-like Visual Explanations by Watching Movies and Reading Books}, 
      author={Yukun Zhu and Ryan Kiros and Richard Zemel and Ruslan Salakhutdinov and Raquel Urtasun and Antonio Torralba and Sanja Fidler},
      year={2015},
      eprint={1506.06724},
      archivePrefix={arXiv},
      primaryClass={cs.CV},
      url={https://arxiv.org/abs/1506.06724}, 
}

@misc{kaddour2023minipilechallengedataefficientlanguage,
      title={The MiniPile Challenge for Data-Efficient Language Models}, 
      author={Jean Kaddour},
      year={2023},
      eprint={2304.08442},
      archivePrefix={arXiv},
      primaryClass={cs.CL},
      url={https://arxiv.org/abs/2304.08442}, 
}

@article{li1992,
    author={Li, W.},
    journal={IEEE Transactions on Information Theory}, 
    title={Random texts exhibit Zipf's-law-like word frequency distribution}, 
    year={1992},
    volume={38},
    number={6},
    pages={1842-1845},
    keywords={Frequency;Natural languages;Statistics;Testing;Books},
    doi={10.1109/18.165464}
}

@article{Belevitch1959,
    author    = {Belevitch, V.},
    title     = {On the statistical laws of linguistic distributions},
    journal   = {Annales de la Société Scientifique de Bruxelles},
    year      = {1959},
    volume    = {73},
    pages     = {310--326},
    date      = {1959-12-18}
}